<record><leader>00000cas a2200000 i 4500</leader><controlfield tag="001">948515619</controlfield><controlfield tag="008">160502c20169999wausr ne      0    0eng c</controlfield><datafield ind1=" " ind2=" " tag="010"><subfield code="a">  2016252073</subfield></datafield><datafield ind1=" " ind2=" " tag="040"><subfield code="a">WRJ</subfield><subfield code="b">eng</subfield><subfield code="e">rda</subfield><subfield code="c">WRJ</subfield><subfield code="d">WRJ</subfield><subfield code="d">OCLCF</subfield><subfield code="d">WAU</subfield></datafield><datafield ind1=" " ind2=" " tag="042"><subfield code="a">pcc</subfield></datafield><datafield ind1=" " ind2=" " tag="043"><subfield code="a">n-us-wa</subfield></datafield><datafield ind1="0" ind2="0" tag="245"><subfield code="a">Bothell/Kenmore reporter.</subfield></datafield><datafield ind1=" " ind2="1" tag="264"><subfield code="a">Kirkland, Washington :</subfield><subfield code="b">Sound Publishing,</subfield><subfield code="c">[2016]-</subfield></datafield><datafield ind1=" " ind2=" " tag="300"><subfield code="a">volumes :</subfield><subfield code="b">illustrations ;</subfield><subfield code="c">36 cm</subfield></datafield><datafield ind1=" " ind2=" " tag="310"><subfield code="a">Biweekly</subfield></datafield><datafield ind1=" " ind2=" " tag="336"><subfield code="a">text</subfield><subfield code="b">txt</subfield><subfield code="2">rdacontent</subfield></datafield><datafield ind1=" " ind2=" " tag="336"><subfield code="a">still image</subfield><subfield code="b">sti</subfield><subfield code="2">rdacontent</subfield></datafield><datafield ind1=" " ind2=" " tag="337"><subfield code="a">unmediated</subfield><subfield code="b">n</subfield><subfield code="2">rdamedia</subfield></datafield><datafield ind1=" " ind2=" " tag="338"><subfield code="a">volume</subfield><subfield code="b">nc</subfield><subfield code="2">rdacarrier</subfield></datafield><datafield ind1="1" ind2=" " tag="362"><subfield code="a">Began with April 15, 2016.</subfield></datafield><datafield ind1=" " ind2=" " tag="386"><subfield code="a">Washingtonians (Washington State)</subfield><subfield code="2">lcdgt</subfield></datafield><datafield ind1=" " ind2=" " tag="530"><subfield code="a">Also available online.</subfield></datafield><datafield ind1=" " ind2=" " tag="580"><subfield code="a">Formed by the union of: Bothell reporter ; and, Kenmore reporter.</subfield></datafield><datafield ind1=" " ind2=" " tag="588"><subfield code="a">Description base on: April 15, 2016; title from caption.</subfield></datafield><datafield ind1=" " ind2=" " tag="588"><subfield code="a">Latest issue consulted: July 1, 2016.</subfield></datafield><datafield ind1=" " ind2="0" tag="651"><subfield code="a">Bothell (Wash.)</subfield><subfield code="v">Newspapers.</subfield></datafield><datafield ind1=" " ind2="0" tag="651"><subfield code="a">Kenmore (Wash.)</subfield><subfield code="v">Newspapers.</subfield></datafield><datafield ind1=" " ind2="7" tag="651"><subfield code="a">Washington (State)</subfield><subfield code="z">Bothell.</subfield><subfield code="2">fast</subfield><subfield code="0">(OCoLC)fst01224271</subfield></datafield><datafield ind1=" " ind2="7" tag="651"><subfield code="a">Washington (State)</subfield><subfield code="z">Kenmore.</subfield><subfield code="2">fast</subfield><subfield code="0">(OCoLC)fst01292413</subfield></datafield><datafield ind1=" " ind2="7" tag="655"><subfield code="a">Newspapers.</subfield><subfield code="2">fast</subfield><subfield code="0">(OCoLC)fst01423814</subfield></datafield><datafield ind1=" " ind2="7" tag="655"><subfield code="a">Newspapers.</subfield><subfield code="2">lcgft</subfield></datafield><datafield ind1=" " ind2=" " tag="752"><subfield code="a">United States</subfield><subfield code="b">Washington</subfield><subfield code="c">King</subfield><subfield code="d">Bothell.</subfield></datafield><datafield ind1=" " ind2=" " tag="752"><subfield code="a">United States</subfield><subfield code="b">Washington</subfield><subfield code="c">King</subfield><subfield code="d">Kenmore.</subfield></datafield><datafield ind1="1" ind2="4" tag="780"><subfield code="t">Bothell reporter</subfield><subfield code="w">(DLC)  2002252078</subfield><subfield code="w">(OCoLC)48911351</subfield></datafield><datafield ind1="1" ind2="4" tag="780"><subfield code="t">Kenmore reporter</subfield><subfield code="w">(OCoLC)81286786</subfield></datafield><datafield ind1="4" ind2="1" tag="856"><subfield code="u">http://www.bothell-reporter.com/green_editions/</subfield><subfield code="z">View Bothell/Kenmore reporter Green Editions online</subfield></datafield></record>